<?xml version="1.0" encoding="UTF-8"?><collection xmlns="http://www.loc.gov/MARC21/slim"><record><leader>00593nam--2200193-u-4500</leader><controlfield tag="001">000056922</controlfield><controlfield tag="002">20200917</controlfield><controlfield tag="005">20200917021439</controlfield><controlfield tag="008">200917s1000------------r-----000-0-rum-d</controlfield><datafield ind1=" " ind2=" " tag="040"><subfield code="a">IFIN-HH</subfield></datafield><datafield ind1=" " ind2=" " tag="041"><subfield code="a">rum</subfield></datafield><datafield ind1="1" ind2=" " tag="100"><subfield code="a">Frangopol, Petre T</subfield></datafield><datafield ind1="1" ind2="0" tag="245"><subfield code="a">Educatia si cercetarea romaneasca: starea prezenta si perspectiva</subfield><subfield code="c">Petre T. Frangopol; Dorel Banabic; Daniel David (Eds.)</subfield></datafield><datafield ind1=" " ind2=" " tag="260"><subfield code="a">Cluj-Napova</subfield><subfield code="b">Casa Cartii de Sriinta</subfield><subfield code="c">2018</subfield></datafield><datafield ind1=" " ind2=" " tag="300"><subfield code="a">287 p</subfield></datafield><datafield ind1=" " ind2=" " tag="500"><subfield code="a">Donatie Acad. Nicolae Victor Zamfir</subfield></datafield><datafield ind1="1" ind2=" " tag="700"><subfield code="a">David, Daniel</subfield></datafield><datafield ind1=" " ind2=" " tag="852"><subfield code="a">82855</subfield><subfield code="c">NVZ</subfield></datafield><datafield ind1=" " ind2=" " tag="CAT"><subfield code="a">SYS</subfield><subfield code="c">20200917</subfield><subfield code="h">021439</subfield></datafield></record></collection>